<?xml version="1.0" encoding="UTF-8"?>
<!DOCTYPE html PUBLIC "-//W3C//DTD XHTML 1.0 Transitional//EN"
    "http://www.w3.org/TR/xhtml1/DTD/xhtml1-transitional.dtd">
<html xmlns="http://www.w3.org/1999/xhtml" xml:lang="en" lang="en">
 <head>
  <title></title>
  <meta http-equiv="Content-Type" content="text/html;charset=utf-8"/>
  <meta name='ocr-system' content='tesseract 5.0.0' />
  <meta name='ocr-capabilities' content='ocr_page ocr_carea ocr_par ocr_line ocrx_word ocrp_wconf'/>
 </head>
 <body>
  <div class='ocr_page' id='page_1' title='image "/data/digibok_2010061806033/digibok_2010061806033_0148.jp2"; bbox 0 0 1844 2929; ppageno 0; scan_res 70 70'>
   <div class='ocr_carea' id='block_1_1' title="bbox 158 10 1197 16">
    <p class='ocr_par' id='par_1_1' lang='nno-nor' title="bbox 158 10 1197 16">
     <span class='ocr_line' id='line_1_1' title="bbox 158 10 1197 16; baseline 0 0; x_size 3; x_descenders -1.5; x_ascenders 1.5">
      <span class='ocrx_word' id='word_1_1' title='bbox 158 10 1197 16; x_wconf 95'> </span>
     </span>
    </p>
   </div>
   <div class='ocr_carea' id='block_1_2' title="bbox 0 63 2 700">
    <p class='ocr_par' id='par_1_2' lang='nno-nor' title="bbox 0 63 2 700">
     <span class='ocr_line' id='line_1_2' title="bbox 0 63 2 700; baseline 0 0; x_size 318.5; x_descenders -159.25; x_ascenders 159.25">
      <span class='ocrx_word' id='word_1_2' title='bbox 0 63 2 700; x_wconf 95'> </span>
     </span>
    </p>
   </div>
   <div class='ocr_carea' id='block_1_3' title="bbox 310 191 391 233">
    <p class='ocr_par' id='par_1_3' lang='nno-nor' title="bbox 310 191 391 233">
     <span class='ocr_line' id='line_1_3' title="bbox 310 191 391 233; baseline 0 0; x_size 56.333332; x_descenders 14.083333; x_ascenders 14.083333">
      <span class='ocrx_word' id='word_1_3' title='bbox 310 191 391 233; x_wconf 90'>140</span>
     </span>
    </p>
   </div>
   <div class='ocr_carea' id='block_1_4' title="bbox 969 200 1082 238">
    <p class='ocr_par' id='par_1_4' lang='nno-nor' title="bbox 969 200 1082 238">
     <span class='ocr_line' id='line_1_4' title="bbox 969 200 1082 238; baseline 0 0; x_size 47.333332; x_descenders 11.833333; x_ascenders 11.833333">
      <span class='ocrx_word' id='word_1_4' title='bbox 969 200 1082 238; x_wconf 89'>Dikt</span>
     </span>
    </p>
   </div>
   <div class='ocr_carea' id='block_1_5' title="bbox 839 324 1199 367">
    <p class='ocr_par' id='par_1_5' lang='nno-nor' title="bbox 839 324 1199 367">
     <span class='ocr_line' id='line_1_5' title="bbox 839 324 1199 367; baseline 0.003 -1; x_size 56.333332; x_descenders 14.083333; x_ascenders 14.083333">
      <span class='ocrx_word' id='word_1_5' title='bbox 839 324 1199 367; x_wconf 90'>HEIMSSOGA</span>
     </span>
    </p>
   </div>
   <div class='ocr_carea' id='block_1_6' title="bbox 729 418 1328 881">
    <p class='ocr_par' id='par_1_6' lang='nno-nor' title="bbox 730 418 1328 654">
     <span class='ocr_line' id='line_1_6' title="bbox 730 418 1302 475; baseline 0 -13; x_size 57; x_descenders 13; x_ascenders 17">
      <span class='ocrx_word' id='word_1_6' title='bbox 730 419 834 462; x_wconf 93'>Tidt</span>
      <span class='ocrx_word' id='word_1_7' title='bbox 866 418 1001 474; x_wconf 91'>lyster</span>
      <span class='ocrx_word' id='word_1_8' title='bbox 1031 435 1127 475; x_wconf 92'>meg</span>
      <span class='ocrx_word' id='word_1_9' title='bbox 1158 418 1302 462; x_wconf 92'>kanna</span>
     </span>
     <span class='ocr_line' id='line_1_7' title="bbox 731 476 1240 535; baseline 0 -13; x_size 53; x_descenders 7; x_ascenders 19">
      <span class='ocrx_word' id='word_1_10' title='bbox 731 479 801 523; x_wconf 92'>dei</span>
      <span class='ocrx_word' id='word_1_11' title='bbox 837 476 1066 522; x_wconf 93'>framfarne</span>
      <span class='ocrx_word' id='word_1_12' title='bbox 1097 478 1240 535; x_wconf 92'>Tider,</span>
     </span>
     <span class='ocr_line' id='line_1_8' title="bbox 730 539 1328 595; baseline 0 -13; x_size 50; x_descenders 7; x_ascenders 16">
      <span class='ocrx_word' id='word_1_13' title='bbox 730 555 831 582; x_wconf 93'>men</span>
      <span class='ocrx_word' id='word_1_14' title='bbox 865 539 939 582; x_wconf 92'>det</span>
      <span class='ocrx_word' id='word_1_15' title='bbox 971 555 1063 582; x_wconf 91'>maa</span>
      <span class='ocrx_word' id='word_1_16' title='bbox 1095 555 1148 595; x_wconf 91'>eg</span>
      <span class='ocrx_word' id='word_1_17' title='bbox 1178 555 1328 589; x_wconf 91'>sanna,</span>
     </span>
     <span class='ocr_line' id='line_1_9' title="bbox 731 598 1204 654; baseline -0.002 -12; x_size 56; x_descenders 12; x_ascenders 18">
      <span class='ocrx_word' id='word_1_18' title='bbox 731 615 785 654; x_wconf 92'>eg</span>
      <span class='ocrx_word' id='word_1_19' title='bbox 816 598 972 642; x_wconf 92'>leidest</span>
      <span class='ocrx_word' id='word_1_20' title='bbox 1004 599 1204 642; x_wconf 91'>umsider.</span>
     </span>
    </p>

    <p class='ocr_par' id='par_1_7' lang='nno-nor' title="bbox 729 656 1278 821">
     <span class='ocr_line' id='line_1_10' title="bbox 733 656 1264 708; baseline 0.002 -8; x_size 51.678123; x_descenders 7.6781254; x_ascenders 17">
      <span class='ocrx_word' id='word_1_21' title='bbox 733 660 818 701; x_wconf 92'>Dei</span>
      <span class='ocrx_word' id='word_1_22' title='bbox 853 656 1082 701; x_wconf 92'>framfarne</span>
      <span class='ocrx_word' id='word_1_23' title='bbox 1113 660 1264 708; x_wconf 84'>Ætter,</span>
     </span>
     <span class='ocr_line' id='line_1_11' title="bbox 729 717 1216 773; baseline 0.002 -13; x_size 56; x_descenders 13; x_ascenders 16">
      <span class='ocrx_word' id='word_1_24' title='bbox 729 717 799 761; x_wconf 93'>dei</span>
      <span class='ocrx_word' id='word_1_25' title='bbox 835 717 980 773; x_wconf 93'>likjast</span>
      <span class='ocrx_word' id='word_1_26' title='bbox 1011 734 1060 761; x_wconf 93'>so</span>
      <span class='ocrx_word' id='word_1_27' title='bbox 1093 727 1216 773; x_wconf 93'>grant</span>
     </span>
     <span class='ocr_line' id='line_1_12' title="bbox 729 776 1278 821; baseline 0 0; x_size 51.678123; x_descenders 7.6781254; x_ascenders 17">
      <span class='ocrx_word' id='word_1_28' title='bbox 729 793 824 821; x_wconf 91'>som</span>
      <span class='ocrx_word' id='word_1_29' title='bbox 859 776 1090 821; x_wconf 91'>fraaskilde</span>
      <span class='ocrx_word' id='word_1_30' title='bbox 1121 779 1278 821; x_wconf 92'>Tætter</span>
     </span>
    </p>

    <p class='ocr_par' id='par_1_8' lang='nno-nor' title="bbox 729 836 1102 881">
     <span class='ocr_line' id='line_1_13' title="bbox 729 836 1102 881; baseline 0 -1; x_size 51.678123; x_descenders 7.6781254; x_ascenders 17">
      <span class='ocrx_word' id='word_1_31' title='bbox 729 843 740 880; x_wconf 92'>i</span>
      <span class='ocrx_word' id='word_1_32' title='bbox 774 836 947 880; x_wconf 91'>avslitet</span>
      <span class='ocrx_word' id='word_1_33' title='bbox 979 838 1102 881; x_wconf 92'>Vant.</span>
     </span>
    </p>
   </div>
   <div class='ocr_carea' id='block_1_7' title="bbox 727 955 1338 1418">
    <p class='ocr_par' id='par_1_9' lang='nno-nor' title="bbox 727 955 1338 1121">
     <span class='ocr_line' id='line_1_14' title="bbox 731 955 1337 1001; baseline 0.002 -2; x_size 51.770538; x_descenders 7.7705383; x_ascenders 17">
      <span class='ocrx_word' id='word_1_34' title='bbox 731 958 815 1000; x_wconf 93'>Dei</span>
      <span class='ocrx_word' id='word_1_35' title='bbox 851 955 1030 1000; x_wconf 93'>føddest</span>
      <span class='ocrx_word' id='word_1_36' title='bbox 1062 957 1159 1000; x_wconf 87'>med</span>
      <span class='ocrx_word' id='word_1_37' title='bbox 1193 956 1337 1001; x_wconf 92'>Møda</span>
     </span>
     <span class='ocr_line' id='line_1_15' title="bbox 728 1015 1338 1073; baseline 0.002 -14; x_size 58; x_descenders 13; x_ascenders 18">
      <span class='ocrx_word' id='word_1_38' title='bbox 728 1032 788 1072; x_wconf 93'>og</span>
      <span class='ocrx_word' id='word_1_39' title='bbox 819 1015 964 1060; x_wconf 91'>vokso</span>
      <span class='ocrx_word' id='word_1_40' title='bbox 998 1017 1094 1060; x_wconf 92'>med</span>
      <span class='ocrx_word' id='word_1_41' title='bbox 1128 1016 1338 1073; x_wconf 91'>Dengsla,</span>
     </span>
     <span class='ocr_line' id='line_1_16' title="bbox 727 1076 1225 1121; baseline 0.002 -2; x_size 51.770538; x_descenders 7.7705383; x_ascenders 17">
      <span class='ocrx_word' id='word_1_42' title='bbox 727 1076 798 1119; x_wconf 92'>dei</span>
      <span class='ocrx_word' id='word_1_43' title='bbox 832 1081 972 1119; x_wconf 92'>rivost</span>
      <span class='ocrx_word' id='word_1_44' title='bbox 1003 1093 1075 1120; x_wconf 92'>um</span>
      <span class='ocrx_word' id='word_1_45' title='bbox 1107 1076 1225 1121; x_wconf 91'>Føda</span>
     </span>
    </p>

    <p class='ocr_par' id='par_1_10' lang='nno-nor' title="bbox 727 1135 1253 1310">
     <span class='ocr_line' id='line_1_17' title="bbox 728 1135 1227 1192; baseline 0.002 -13; x_size 58; x_descenders 13; x_ascenders 18">
      <span class='ocrx_word' id='word_1_46' title='bbox 728 1141 738 1178; x_wconf 93'>i</span>
      <span class='ocrx_word' id='word_1_47' title='bbox 773 1135 974 1192; x_wconf 92'>stigande</span>
      <span class='ocrx_word' id='word_1_48' title='bbox 1011 1135 1227 1192; x_wconf 92'>Trengsla.</span>
     </span>
     <span class='ocr_line' id='line_1_18' title="bbox 729 1196 1253 1251; baseline 0.002 -13; x_size 55; x_descenders 12; x_ascenders 16">
      <span class='ocrx_word' id='word_1_49' title='bbox 729 1198 814 1239; x_wconf 92'>Dei</span>
      <span class='ocrx_word' id='word_1_50' title='bbox 848 1196 1017 1251; x_wconf 91'>slogost</span>
      <span class='ocrx_word' id='word_1_51' title='bbox 1049 1213 1120 1240; x_wconf 93'>um</span>
      <span class='ocrx_word' id='word_1_52' title='bbox 1151 1199 1253 1239; x_wconf 81'>ra</span>
     </span>
     <span class='ocr_line' id='line_1_19' title="bbox 727 1254 1197 1310; baseline 0 -12; x_size 51; x_descenders 7; x_ascenders 18">
      <span class='ocrx_word' id='word_1_53' title='bbox 727 1272 787 1310; x_wconf 93'>og</span>
      <span class='ocrx_word' id='word_1_54' title='bbox 819 1254 954 1299; x_wconf 92'>oftast</span>
      <span class='ocrx_word' id='word_1_55' title='bbox 987 1273 1058 1299; x_wconf 93'>um</span>
      <span class='ocrx_word' id='word_1_56' title='bbox 1091 1258 1197 1306; x_wconf 89'>Mat,</span>
     </span>
    </p>

    <p class='ocr_par' id='par_1_11' lang='nno-nor' title="bbox 727 1313 1271 1418">
     <span class='ocr_line' id='line_1_20' title="bbox 727 1313 1271 1358; baseline 0.002 -1; x_size 51.482742; x_descenders 7.4827409; x_ascenders 18">
      <span class='ocrx_word' id='word_1_57' title='bbox 727 1330 800 1357; x_wconf 91'>um</span>
      <span class='ocrx_word' id='word_1_58' title='bbox 833 1313 952 1357; x_wconf 92'>kven</span>
      <span class='ocrx_word' id='word_1_59' title='bbox 985 1314 1136 1358; x_wconf 91'>skulde</span>
      <span class='ocrx_word' id='word_1_60' title='bbox 1170 1325 1271 1358; x_wconf 92'>tæra</span>
     </span>
     <span class='ocr_line' id='line_1_21' title="bbox 728 1373 1126 1418; baseline 0.003 -1; x_size 51.482742; x_descenders 7.4827409; x_ascenders 18">
      <span class='ocrx_word' id='word_1_61' title='bbox 728 1374 801 1417; x_wconf 93'>det</span>
      <span class='ocrx_word' id='word_1_62' title='bbox 836 1373 1009 1418; x_wconf 92'>fullaste</span>
      <span class='ocrx_word' id='word_1_63' title='bbox 1043 1377 1126 1418; x_wconf 91'>Fat.</span>
     </span>
    </p>
   </div>
   <div class='ocr_carea' id='block_1_8' title="bbox 725 1493 1344 1967">
    <p class='ocr_par' id='par_1_12' lang='nno-nor' title="bbox 725 1493 1344 1849">
     <span class='ocr_line' id='line_1_22' title="bbox 728 1493 1252 1543; baseline 0.002 -6; x_size 55.906937; x_descenders 11.906935; x_ascenders 17">
      <span class='ocrx_word' id='word_1_64' title='bbox 728 1495 813 1537; x_wconf 93'>Dei</span>
      <span class='ocrx_word' id='word_1_65' title='bbox 847 1493 1054 1537; x_wconf 91'>sterkaste</span>
      <span class='ocrx_word' id='word_1_66' title='bbox 1086 1500 1252 1543; x_wconf 92'>vunno,</span>
     </span>
     <span class='ocr_line' id='line_1_23' title="bbox 727 1553 1261 1610; baseline 0.004 -14; x_size 56; x_descenders 13; x_ascenders 17">
      <span class='ocrx_word' id='word_1_67' title='bbox 727 1553 807 1597; x_wconf 92'>daa</span>
      <span class='ocrx_word' id='word_1_68' title='bbox 840 1554 987 1598; x_wconf 91'>vordo</span>
      <span class='ocrx_word' id='word_1_69' title='bbox 1021 1554 1089 1598; x_wconf 91'>dei</span>
      <span class='ocrx_word' id='word_1_70' title='bbox 1121 1554 1261 1610; x_wconf 89'>glade,</span>
     </span>
     <span class='ocr_line' id='line_1_24' title="bbox 726 1612 1344 1664; baseline 0.003 -8; x_size 52; x_descenders 7; x_ascenders 18">
      <span class='ocrx_word' id='word_1_71' title='bbox 726 1629 826 1656; x_wconf 92'>men</span>
      <span class='ocrx_word' id='word_1_72' title='bbox 859 1612 1050 1664; x_wconf 90'>Skatten,</span>
      <span class='ocrx_word' id='word_1_73' title='bbox 1083 1614 1152 1657; x_wconf 92'>dei</span>
      <span class='ocrx_word' id='word_1_74' title='bbox 1186 1612 1344 1664; x_wconf 92'>funno,</span>
     </span>
     <span class='ocr_line' id='line_1_25' title="bbox 725 1672 1274 1717; baseline 0.002 -1; x_size 55.906937; x_descenders 11.906935; x_ascenders 17">
      <span class='ocrx_word' id='word_1_75' title='bbox 725 1672 853 1716; x_wconf 92'>vardt</span>
      <span class='ocrx_word' id='word_1_76' title='bbox 887 1672 1009 1717; x_wconf 92'>berre</span>
      <span class='ocrx_word' id='word_1_77' title='bbox 1041 1673 1087 1716; x_wconf 92'>til</span>
      <span class='ocrx_word' id='word_1_78' title='bbox 1119 1673 1274 1717; x_wconf 91'>Skade.</span>
     </span>
     <span class='ocr_line' id='line_1_26' title="bbox 728 1732 1297 1789; baseline 0.004 -14; x_size 56; x_descenders 12; x_ascenders 17">
      <span class='ocrx_word' id='word_1_79' title='bbox 728 1734 813 1775; x_wconf 93'>Dei</span>
      <span class='ocrx_word' id='word_1_80' title='bbox 847 1732 1019 1776; x_wconf 91'>sumlad</span>
      <span class='ocrx_word' id='word_1_81' title='bbox 1052 1750 1109 1789; x_wconf 92'>og</span>
      <span class='ocrx_word' id='word_1_82' title='bbox 1139 1749 1297 1777; x_wconf 92'>svomo</span>
     </span>
     <span class='ocr_line' id='line_1_27' title="bbox 725 1791 1205 1849; baseline 0.002 -14; x_size 58; x_descenders 13; x_ascenders 18">
      <span class='ocrx_word' id='word_1_83' title='bbox 725 1798 738 1835; x_wconf 93'>i</span>
      <span class='ocrx_word' id='word_1_84' title='bbox 774 1791 936 1848; x_wconf 92'>Drykk</span>
      <span class='ocrx_word' id='word_1_85' title='bbox 969 1809 1027 1849; x_wconf 92'>og</span>
      <span class='ocrx_word' id='word_1_86' title='bbox 1057 1798 1069 1836; x_wconf 92'>i</span>
      <span class='ocrx_word' id='word_1_87' title='bbox 1103 1794 1205 1843; x_wconf 92'>Stas,</span>
     </span>
    </p>

    <p class='ocr_par' id='par_1_13' lang='nno-nor' title="bbox 725 1852 1157 1897">
     <span class='ocr_line' id='line_1_28' title="bbox 725 1852 1157 1897; baseline 0.005 -2; x_size 55.906937; x_descenders 11.906935; x_ascenders 17">
      <span class='ocrx_word' id='word_1_88' title='bbox 725 1852 772 1895; x_wconf 92'>til</span>
      <span class='ocrx_word' id='word_1_89' title='bbox 807 1852 994 1895; x_wconf 92'>Fiendar</span>
      <span class='ocrx_word' id='word_1_90' title='bbox 1025 1852 1157 1897; x_wconf 91'>komo</span>
     </span>
    </p>

    <p class='ocr_par' id='par_1_14' lang='nno-nor' title="bbox 726 1911 1250 1967">
     <span class='ocr_line' id='line_1_29' title="bbox 726 1911 1250 1967; baseline 0.002 -12; x_size 56; x_descenders 12; x_ascenders 17">
      <span class='ocrx_word' id='word_1_91' title='bbox 726 1928 785 1967; x_wconf 92'>og</span>
      <span class='ocrx_word' id='word_1_92' title='bbox 816 1911 898 1955; x_wconf 81'>slo&#39;</span>
      <span class='ocrx_word' id='word_1_93' title='bbox 933 1912 1048 1956; x_wconf 91'>deim</span>
      <span class='ocrx_word' id='word_1_94' title='bbox 1080 1917 1092 1956; x_wconf 92'>i</span>
      <span class='ocrx_word' id='word_1_95' title='bbox 1131 1914 1250 1956; x_wconf 92'>Kras.</span>
     </span>
    </p>
   </div>
   <div class='ocr_carea' id='block_1_9' title="bbox 723 2030 1300 2506">
    <p class='ocr_par' id='par_1_15' lang='nno-nor' title="bbox 727 2030 1187 2089">
     <span class='ocr_line' id='line_1_30' title="bbox 727 2030 1187 2089; baseline 0.002 -14; x_size 58; x_descenders 13; x_ascenders 17">
      <span class='ocrx_word' id='word_1_96' title='bbox 727 2033 812 2075; x_wconf 92'>Dei</span>
      <span class='ocrx_word' id='word_1_97' title='bbox 845 2031 1036 2088; x_wconf 92'>tapande</span>
      <span class='ocrx_word' id='word_1_98' title='bbox 1068 2030 1187 2089; x_wconf 91'>fingo</span>
     </span>
    </p>

    <p class='ocr_par' id='par_1_16' lang='nno-nor' title="bbox 726 2091 1181 2149">
     <span class='ocr_line' id='line_1_31' title="bbox 726 2091 1181 2149; baseline 0 -13; x_size 57; x_descenders 13; x_ascenders 16">
      <span class='ocrx_word' id='word_1_99' title='bbox 726 2096 796 2136; x_wconf 91'>ein</span>
      <span class='ocrx_word' id='word_1_100' title='bbox 828 2091 1027 2148; x_wconf 92'>grøteleg</span>
      <span class='ocrx_word' id='word_1_101' title='bbox 1059 2094 1181 2149; x_wconf 92'>Lage,</span>
     </span>
    </p>

    <p class='ocr_par' id='par_1_17' lang='nno-nor' title="bbox 724 2150 1300 2388">
     <span class='ocr_line' id='line_1_32' title="bbox 725 2150 1260 2209; baseline 0.002 -15; x_size 59; x_descenders 14; x_ascenders 18">
      <span class='ocrx_word' id='word_1_102' title='bbox 725 2156 737 2194; x_wconf 92'>i</span>
      <span class='ocrx_word' id='word_1_103' title='bbox 769 2150 993 2196; x_wconf 91'>Trældom</span>
      <span class='ocrx_word' id='word_1_104' title='bbox 1026 2151 1094 2196; x_wconf 92'>dei</span>
      <span class='ocrx_word' id='word_1_105' title='bbox 1125 2157 1260 2209; x_wconf 92'>gingo</span>
     </span>
     <span class='ocr_line' id='line_1_33' title="bbox 725 2210 1300 2268; baseline -0.002 -13; x_size 58; x_descenders 13; x_ascenders 18">
      <span class='ocrx_word' id='word_1_106' title='bbox 725 2211 824 2254; x_wconf 93'>med</span>
      <span class='ocrx_word' id='word_1_107' title='bbox 858 2210 1116 2268; x_wconf 92'>hungrande</span>
      <span class='ocrx_word' id='word_1_108' title='bbox 1149 2213 1300 2267; x_wconf 90'>Mage;</span>
     </span>
     <span class='ocr_line' id='line_1_34' title="bbox 725 2271 1278 2327; baseline 0 -13; x_size 50; x_descenders 7; x_ascenders 15">
      <span class='ocrx_word' id='word_1_109' title='bbox 725 2286 783 2327; x_wconf 92'>og</span>
      <span class='ocrx_word' id='word_1_110' title='bbox 815 2271 904 2321; x_wconf 92'>det,</span>
      <span class='ocrx_word' id='word_1_111' title='bbox 938 2287 1034 2315; x_wconf 92'>som</span>
      <span class='ocrx_word' id='word_1_112' title='bbox 1066 2288 1109 2315; x_wconf 92'>er</span>
      <span class='ocrx_word' id='word_1_113' title='bbox 1139 2287 1278 2315; x_wconf 92'>verre:</span>
     </span>
     <span class='ocr_line' id='line_1_35' title="bbox 724 2332 1149 2388; baseline 0 -14; x_size 55; x_descenders 13; x_ascenders 15">
      <span class='ocrx_word' id='word_1_114' title='bbox 724 2336 736 2374; x_wconf 93'>i</span>
      <span class='ocrx_word' id='word_1_115' title='bbox 770 2332 899 2387; x_wconf 92'>Spott</span>
      <span class='ocrx_word' id='word_1_116' title='bbox 932 2347 992 2388; x_wconf 93'>og</span>
      <span class='ocrx_word' id='word_1_117' title='bbox 1022 2336 1034 2374; x_wconf 93'>i</span>
      <span class='ocrx_word' id='word_1_118' title='bbox 1067 2332 1149 2387; x_wconf 92'>Spe</span>
     </span>
    </p>

    <p class='ocr_par' id='par_1_18' lang='nno-nor' title="bbox 723 2390 1232 2506">
     <span class='ocr_line' id='line_1_36' title="bbox 725 2390 1232 2440; baseline -0.004 -6; x_size 51; x_descenders 7; x_ascenders 17">
      <span class='ocrx_word' id='word_1_119' title='bbox 725 2390 794 2434; x_wconf 92'>dei</span>
      <span class='ocrx_word' id='word_1_120' title='bbox 829 2399 949 2435; x_wconf 92'>tente</span>
      <span class='ocrx_word' id='word_1_121' title='bbox 983 2396 1049 2434; x_wconf 92'>sin</span>
      <span class='ocrx_word' id='word_1_122' title='bbox 1083 2393 1232 2440; x_wconf 92'>Herre,</span>
     </span>
     <span class='ocr_line' id='line_1_37' title="bbox 723 2450 1158 2506; baseline -0.002 -13; x_size 56; x_descenders 13; x_ascenders 17">
      <span class='ocrx_word' id='word_1_123' title='bbox 723 2450 934 2506; x_wconf 92'>svivyrde</span>
      <span class='ocrx_word' id='word_1_124' title='bbox 967 2466 1061 2494; x_wconf 92'>som</span>
      <span class='ocrx_word' id='word_1_125' title='bbox 1094 2452 1158 2493; x_wconf 91'>Fe.</span>
     </span>
    </p>
   </div>
  </div>
 </body>
</html>
