1888 2930
759 193 989 239 Ervingen
1495 187 1578 229 243

371 292 457 333 Dei
492 300 654 341 stræva,
680 291 815 335 dei
840 300 1004 342 stræva,

369 349 443 393 det
477 366 596 394 varer
627 367 698 394 um
731 350 871 394 Alder
903 367 960 407 og
991 354 1114 395 Æva.

370 411 455 453 Dei
491 407 630 453 freista
662 410 731 460 alt,
766 427 860 454 som
893 410 961 454 dei
995 410 1111 454 kann
1145 417 1292 461 vinna,

368 468 440 512 dei
474 468 604 513 sanka
636 469 704 520 alt,
740 486 834 514 som
868 470 936 514 dei
970 470 1086 514 kann
1120 469 1255 515 finna.

362 530 414 585 Ja
448 528 517 572 dei
552 529 659 579 leita,
684 534 789 586 ja
812 530 881 574 dei
906 530 1002 574 leita

368 597 475 632 etter
507 589 562 632 alt
595 590 678 639 det,
712 606 806 634 som
839 591 1079 647 Vinningar
1112 590 1230 634 kann
1264 591 1387 635 heita.

370 709 455 750 Dei
488 724 629 763 grava,
654 709 792 752 dei
825 725 955 765 grava

368 772 379 809 i
416 769 527 823 Berg
559 785 615 824 og
647 774 659 811 i
693 771 809 824 Myr,
839 774 882 825 ja
915 769 983 813 dei
1017 786 1162 826 grava.

370 828 455 870 Dei
491 827 661 884 byggja,
688 829 824 872 dei
860 829 1018 885 byggja

367 902 450 942 paa
485 889 581 930 Hus
614 904 671 943 og
702 904 783 944 paa
816 890 909 945 Veg
942 906 999 945 og
1030 906 1110 945 paa
1147 891 1347 946 Bryggja.

367 946 444 989 All
472 947 608 1002 Jordi,
643 957 731 991 trur
765 964 829 1003 eg,
864 949 933 993 dei
967 949 1025 992 vil
1053 954 1223 1005 jamna;

366 1005 422 1048 all
458 1006 661 1057 Malmen,
696 1016 785 1050 trur
819 1025 883 1064 eg,
919 1008 988 1052 dei
1022 1009 1081 1052 vil
1116 1025 1278 1053 samna.

361 1068 413 1121 Ja
447 1066 517 1109 dei
550 1083 684 1117 emna,
711 1072 816 1122 ja
850 1068 919 1111 dei
955 1085 1077 1112 emna

366 1142 448 1181 paa
482 1142 530 1170 so
564 1136 720 1182 mangt,
756 1144 851 1171 som
885 1144 936 1184 eg
970 1128 1085 1185 inkje
1119 1134 1209 1173 veit
1244 1146 1292 1173 aa
1323 1146 1496 1174 nemna.

369 1246 456 1289 Dei
490 1245 681 1301 kappast,
708 1247 844 1290 dei
879 1247 1078 1304 kappast;

367 1321 464 1347 som
499 1306 694 1349 Hunden
727 1322 800 1349 um
835 1309 956 1350 Beini
990 1308 1059 1350 dei
1093 1318 1293 1363 nappast.

369 1365 455 1407 Dei
488 1365 630 1415 strida,
656 1366 793 1409 dei
827 1366 975 1416 strida;

367 1429 425 1467 eit
461 1423 591 1468 Hefte
624 1425 682 1468 vil
716 1431 848 1481 ingen
882 1428 1019 1469 Mann
1052 1427 1154 1470 lida.

367 1485 444 1526 Sin
478 1484 595 1527 Skatt
626 1485 685 1527 vil
718 1486 798 1529 alle
832 1486 929 1529 med
963 1490 1036 1542 seg
1070 1485 1164 1530 føra

367 1548 560 1599 igjenom
592 1545 676 1588 den
710 1545 940 1589 endelause
975 1548 1107 1597 Røra;

368 1604 416 1645 til
451 1604 520 1647 dei
555 1613 690 1659 stupa,
712 1605 826 1647 til
860 1606 928 1649 dei
963 1616 1103 1661 stupa,

368 1679 429 1718 og
460 1663 506 1706 til
540 1665 670 1707 andre
704 1664 818 1720 kjem
851 1671 863 1707 i
897 1666 1055 1709 Staden
1088 1666 1136 1709 til
1171 1684 1219 1710 aa
1253 1666 1415 1723 krjupa.

242 1781 409 1825 Olav.
456 1784 516 1838 Eg
559 1783 700 1827 hadde
743 1794 850 1828 mest
892 1791 927 1828 ei
962 1787 1062 1829 Von
1105 1802 1193 1837 um,
1234 1796 1274 1830 at
1315 1787 1385 1831 det
1423 1787 1578 1832 skulde

152 1858 250 1884 vera
294 1858 357 1884 so.
406 1844 513 1885 Men
555 1860 602 1887 so
645 1844 706 1899 lyt
749 1861 903 1899 eg.no
946 1844 1012 1888 faa
1055 1852 1144 1889 vita
1188 1846 1326 1890 nokot
1369 1854 1473 1891 meir
1505 1866 1578 1892 um

152 1901 279 1949 detta,
315 1918 420 1943 naar
454 1919 519 1944 me
552 1902 617 1945 faa
652 1904 767 1946 betre
801 1905 942 1947 Tider.

241 1961 525 2004 Åamund.
573 1964 632 2018 Eg
664 1980 707 2005 er
741 1980 850 2018 ogso
875 1962 1063 2007 forviten
1087 1964 1134 2007 til
1160 1982 1208 2008 aa
1232 1965 1379 2021 høyra,
1404 1966 1484 2010 kor
1507 1967 1600 2010 det

152 2020 275 2062 stend
309 2020 357 2062 til
393 2020 502 2063 her
509 2016 535 2084 i
530 2022 742 2077 Bygdom.
791 2025 883 2066 Her
915 2041 958 2067 er
980 2025 1047 2067 vel
1079 2041 1234 2080 mange
1262 2025 1478 2069 Umskifte
1503 2044 1576 2077 no,

152 2079 274 2122 sidan
308 2080 419 2123 sidst
452 2097 504 2136 eg
536 2098 610 2124 var
642 2082 729 2125 her.
766 2085 850 2126 Dei
885 2083 1011 2126 halda
1041 2100 1122 2139 paa
1158 2102 1215 2140 og
1238 2102 1319 2129 snu
1342 2103 1399 2141 og
1422 2086 1579 2142 brøyta

152 2156 230 2194 paa
272 2139 354 2182 alle
387 2141 500 2195 Ting
542 2147 552 2182 i
594 2142 724 2185 andre
760 2143 892 2192 Land,
926 2160 984 2199 og
1025 2161 1074 2187 so
1116 2161 1161 2187 er
1200 2145 1273 2187 det
1304 2147 1401 2189 Von
1441 2146 1502 2196 til,
1538 2156 1579 2189 at

152 2199 294 2241 denne
332 2198 532 2253 Nyfikna
565 2200 710 2244 kunde
746 2219 851 2245 ovra
884 2219 958 2258 seg
989 2203 1067 2246 her
1100 2209 1112 2245 i
1150 2204 1313 2248 Landet
1346 2222 1414 2261 og.

242 2258 409 2301 Olav.
454 2261 522 2302 Aa
558 2265 612 2314 ja,
648 2277 700 2315 eg
738 2260 893 2305 skulde
931 2271 997 2305 tru
1039 2263 1131 2305 det!l
1180 2266 1273 2307 Her
1305 2281 1347 2307 er
1381 2264 1581 2319 Nyfikna

152 2334 252 2373 nog,
278 2335 338 2373 og
370 2319 576 2362 stundom
610 2318 677 2363 for
711 2321 858 2376 myket
891 2322 1000 2365 med.
1048 2324 1130 2365 For
1164 2323 1255 2366 d'er
1282 2340 1330 2367 so
1354 2324 1457 2367 leidt
1481 2325 1579 2368 med

152 2377 209 2427 di,
234 2387 274 2421 at
308 2378 396 2428 det,
422 2395 514 2422 som
548 2396 590 2422 er
614 2382 743 2435 Gagn
777 2386 803 2430 i,
828 2381 900 2425 det
932 2381 1045 2437 kjem
1073 2388 1271 2433 seinaste,
1296 2400 1353 2439 og
1375 2384 1459 2434 det,
1486 2401 1581 2428 som

153 2454 196 2480 er
219 2437 340 2481 berre
359 2438 407 2481 til
426 2440 515 2494 Syn
538 2456 594 2495 og
612 2440 729 2490 Skin,
750 2441 822 2484 det
841 2441 951 2497 kjem
969 2442 1090 2485 alltid
1111 2441 1232 2498 fyrst.
1260 2445 1320 2499 Eg
1336 2444 1442 2487 likar
1464 2444 1581 2500 inkje
