1861 2930
685 178 907 216 Einstaka
934 177 1050 216 Dikt
1521 171 1575 213 75

443 279 528 321 Dei
562 275 845 333 Bygdarfolk,
879 276 951 320 dei
985 275 1258 333 Bygdarfolk

441 337 512 380 dei
544 336 656 380 hava
687 353 736 380 so
769 335 954 380 strævall
988 342 1059 379 ein
1086 336 1403 380 SumarssBolk.

442 398 527 440 Dei
560 395 864 452 Bygdarborni
896 395 1043 451 lengta
1075 412 1125 439 so
1154 395 1290 446 hardt,

441 464 483 499 at
517 455 651 512 Helgi
683 455 742 499 ho
775 455 905 498 koma
936 454 1031 498 skal
1063 464 1192 499 snart.

444 517 529 559 Dei
562 514 630 559 faa
661 514 776 571 ikkje
809 514 949 558 Stund
982 515 1031 558 til
1064 532 1114 558 aa
1145 515 1274 559 koma
1298 520 1311 558 i
1335 517 1435 571 Lag,

442 591 545 619 naar
583 575 698 631 ikkje
730 575 803 619 det
833 573 1003 618 hender
1035 580 1106 618 ein
1140 574 1403 631 Heilagdag;

443 634 513 678 dei
547 633 615 678 faa
646 634 761 690 ikkje
792 634 875 677 Tid
908 639 947 677 ei
981 640 1143 678 einaste
1177 634 1273 684 Rid,

444 710 494 737 so
526 693 651 751 lenge
683 710 777 738 som
808 692 957 749 Vyrka
990 693 1066 737 lid.

570 837 1175 893 STEINBRJOTAR-VISA

448 935 534 977 Dei
565 932 696 983 træla,
720 933 856 976 dei
888 932 1009 975 træla

448 990 537 1035 fraa
569 994 764 1048 Morgon
795 991 843 1035 til
877 990 1037 1041 Kveld,
1066 995 1111 1046 ja
1143 991 1213 1034 dei
1244 990 1373 1034 træla.

449 1054 534 1095 Dei
567 1060 732 1102 stræva,
756 1051 901 1094 dei
926 1051 1097 1101 stræva,

447 1111 521 1155 det
551 1127 674 1155 varer
705 1127 778 1154 um
808 1110 952 1154 Alder
984 1127 1045 1166 og
1074 1112 1199 1153 Ævva.

449 1173 534 1214 Dei
568 1169 712 1214 freista
743 1170 813 1221 alt,
846 1186 943 1214 som
976 1170 1048 1213 dei
1081 1169 1199 1213 kann
1230 1175 1375 1219 vinna,

448 1230 518 1274 dei
551 1229 684 1274 sanka
715 1230 785 1281 alt,
818 1246 914 1273 som
946 1230 1019 1273 dei
1052 1229 1170 1273 kann
1202 1228 1333 1272 finna.

442 1292 494 1346 Ja
526 1290 597 1333 dei
629 1289 740 1340 leita,
764 1294 879 1344 ja
912 1289 985 1332 dei
1018 1288 1119 1332 leita

448 1357 554 1393 etter
585 1348 643 1393 alt
674 1349 759 1399 det,
782 1365 877 1393 som
899 1350 1147 1404 Vinningar
1178 1347 1293 1391 kann
1315 1346 1443 1391 heita.

450 1471 535 1512 Dei
567 1484 711 1525 grava,
736 1467 883 1511 dei
916 1483 1050 1523 grava

448 1533 462 1571 i
496 1530 608 1584 Berg
639 1544 698 1584 og
728 1533 741 1570 i
774 1529 891 1582 Myr,
919 1532 965 1582 ja
998 1526 1069 1570 dei
1102 1526 1245 1582 grava.

450 1589 536 1631 Dei
569 1587 743 1643 byggja,
844 1586 914 1629 dei
948 1585 1114 1642 byggja

448 1662 530 1703 paa
569 1648 668 1689 Hus
707 1661 765 1702 og
794 1661 876 1701 paa
907 1646 1004 1700 Veg
1043 1661 1103 1701 og
1133 1660 1213 1700 paa
1245 1646 1445 1701 Bryggja.

449 1705 526 1750 All
553 1704 693 1762 Jordi,
726 1714 816 1748 trur
847 1720 912 1761 eg,
947 1703 1021 1748 dei
1053 1703 1115 1748 vil
1141 1708 1305 1760 jamna;

449 1764 506 1810 all
538 1764 745 1815 Malmen,
778 1773 869 1808 trur
901 1780 967 1820 eg,
1002 1763 1074 1808 dei
1107 1763 1169 1808 vil
1201 1779 1358 1808 samna.

444 1827 496 1883 Ja
528 1825 599 1870 dei
628 1840 763 1875 emna,
787 1828 903 1880 ja
935 1823 1009 1868 dei
1043 1839 1168 1868 emna

449 1901 530 1941 paa
548 1901 597 1929 so
615 1892 774 1940 mangt,
790 1899 885 1928 som
903 1899 956 1940 eg
973 1882 1092 1940 inkje
1108 1888 1196 1927 veit
1212 1899 1261 1926 aa
1276 1898 1447 1926 nemna.

453 2005 538 2048 Dei
571 2002 766 2060 kappast,
791 2001 940 2047 dei
973 2000 1185 2059 kappast
1167 1996 1189 2064 ;

451 2079 546 2109 som
582 2062 779 2107 Hunden
811 2077 885 2106 um
918 2062 1045 2106 Beini
1077 2061 1148 2106 dei
1180 2070 1375 2118 nappast.

452 2125 538 2168 Dei
571 2122 717 2174 strida,
741 2121 888 2166 dei
920 2120 1077 2173 strida;

452 2188 510 2228 eit
542 2180 678 2227 Hefte
710 2181 771 2226 vil
802 2187 935 2238 ingen
968 2182 1112 2225 Mann
1144 2180 1243 2225 lida.
1386 2193 1402 2206 -

452 2244 528 2287 Sin
560 2241 681 2287 Skatt
712 2240 773 2285 vil
805 2239 886 2284 alle
918 2239 1022 2284 med
1054 2255 1132 2297 seg
1163 2238 1257 2284 føra

451 2306 645 2359 igjenom
676 2301 763 2345 den
794 2299 1029 2344 endelause
1063 2300 1197 2351 Røra;

452 2361 501 2407 til
533 2362 604 2406 dei
636 2369 775 2417 stupa,
802 2359 927 2409 til
960 2359 1033 2404 dei
1066 2368 1205 2417 stupa,

452 2439 512 2479 og
542 2421 591 2466 til
608 2421 755 2466 andre
785 2419 899 2477 kjem
921 2425 934 2463 i
958 2419 1121 2464 Staden
1142 2419 1191 2463 til
1212 2436 1260 2464 aa
1281 2418 1450 2476 krjupa.
