2672 3768
892 585 999 627 Han
1035 585 1165 629 leder
1198 586 1380 630 hendes
1413 587 1603 645 Ganger
1636 590 1778 635 frem:

892 656 1021 700 Hver
1054 657 1119 700 Sti
1153 657 1249 700 han
1286 658 1373 701 her
1405 672 1522 702 mon
1557 660 1732 716 kjende
1766 691 1821 694 —

890 727 947 769 Et
982 728 1158 785 Stykke
1191 729 1346 784 foran,
1382 730 1498 774 efter
1530 732 1642 775 dem

888 798 985 841 (raa
1020 800 1196 843 norske
1229 801 1621 848 Vaabensvende.

888 1011 944 1054 Et
978 1012 1089 1056 Sted
1124 1027 1235 1057 maa
1269 1015 1398 1058 Stien
1432 1017 1537 1060 brat
1570 1019 1638 1075 sig
1672 1033 1775 1067 sno,

889 1083 1022 1127 Hvor
1056 1085 1366 1144 Fremspring
1398 1088 1492 1131 den
1525 1089 1743 1147 fordølge
1775 1118 1832 1121 —

888 1154 983 1198 Der
1015 1156 1150 1200 fandt
1182 1162 1227 1200 et
1259 1158 1449 1202 Øieblik
1482 1159 1540 1203 de
1573 1161 1643 1203 To

886 1226 962 1283 Sig
995 1228 1132 1271 skilte
1165 1229 1237 1271 fra
1270 1231 1327 1272 sit
1361 1231 1517 1288 Følge.

886 1297 954 1354 Og
981 1299 1081 1355 just
1112 1301 1126 1342 i
1160 1300 1318 1344 denne
1353 1302 1505 1345 Stund
1538 1304 1662 1347 brød
1696 1305 1815 1348 frem

886 1369 990 1412 Den
1024 1370 1174 1428 længe
1208 1371 1367 1429 dulgte
1402 1373 1541 1417 Fare:

884 1440 947 1482 Af
974 1441 1099 1485 vilde
1134 1442 1374 1500 Bjergfolk
1408 1459 1524 1488 over
1556 1446 1668 1489 dem

886 1511 1021 1555 Faldt
1055 1513 1142 1556 her
1173 1528 1233 1556 en
1268 1515 1581 1560 Røverskare.

886 1725 976 1767 Fra
1011 1726 1214 1782 Klippen
1250 1727 1308 1771 de
1341 1730 1408 1785 sig
1440 1730 1563 1786 glide
1598 1731 1694 1780 lod,

885 1796 1650 1855 DefmylredfopfaffJordenmn

885 1867 996 1910 Høit
1031 1868 1166 1912 deres
1199 1870 1324 1913 vilde
1360 1871 1452 1928 Hyl
1486 1887 1568 1915 om
1604 1873 1726 1917 Blod

885 1939 987 1982 Lød
1022 1940 1217 1983 mellem
1252 1941 1411 1986 Storm
1446 1956 1503 2001 og
1535 1944 1744 1988 Torden.

884 2010 1006 2053 Herr
1038 2011 1253 2055 Aimerik
1287 2013 1397 2057 dem
1431 2016 1505 2058 vel
1539 2016 1737 2074 modtog

883 2081 954 2124 Da
985 2082 1042 2126 de
1075 2083 1209 2127 imod
1243 2084 1358 2127 ham
1393 2086 1578 2130 rendte:

881 2153 949 2195 To
983 2154 1073 2197 ved
1107 2155 1185 2198 det
1217 2156 1361 2200 første
1397 2157 1505 2215 Hug
1538 2158 1636 2201 han
1670 2174 1773 2217 vog.

880 2225 948 2267 To
983 2225 1080 2267 han
1115 2227 1127 2268 i
1163 2226 1317 2284 Dybet
1350 2229 1529 2272 sendte.

880 2439 989 2481 Men
1025 2438 1152 2482 hvad
1186 2440 1282 2482 han
1316 2440 1412 2498 hug
1440 2469 1497 2472 —
1527 2456 1586 2500 og
1620 2443 1746 2486 hvad
1780 2444 1877 2488 han
1905 2446 2002 2502 jog,

881 2510 949 2552 De
983 2510 1090 2552 blev
1124 2510 1237 2553 ham
1272 2511 1364 2569 dog
1396 2513 1470 2555 for
1504 2514 1695 2572 Mange:

879 2581 994 2623 Som
1027 2581 1184 2625 sultne
1218 2583 1382 2626 Ravne
1416 2584 1474 2627 de
1509 2586 1708 2644 nedslog

879 2653 1003 2695 Over
1035 2652 1128 2695 den
1162 2654 1277 2710 dyre
1312 2654 1483 2712 Fange.

882 2724 1017 2766 Strax
1050 2724 1212 2768 kunde
1249 2726 1403 2783 Hjælp
1437 2730 1479 2770 ei
1514 2743 1695 2772 nærme
1731 2732 1796 2788 sig
1830 2759 1886 2762 —

879 2796 951 2837 Da
984 2799 1160 2839 maatte
1194 2796 1290 2839 han
1325 2798 1398 2841 vel
1432 2799 1622 2856 blegne:

880 2867 987 2909 Han
1022 2881 1102 2909 saa
1137 2868 1346 2912 Kristina
1379 2884 1484 2913 som
1520 2877 1563 2914 et
1598 2873 1682 2929 Lig

880 2937 983 2980 Ned
1018 2953 1132 2981 over
1166 2939 1312 2996 Dyret
1348 2955 1502 2999 segne.

1413 3265 1457 3299 56
