1952 3008
448 2555 537 2602 128

756 848 851 895 EN
886 848 1181 897 KVINDES
1215 850 1456 901 KLAGE.

649 970 730 1020 Nu
760 989 877 1020 naar
905 973 1265 1034 middagstimen
1295 975 1422 1022 slaar

646 1039 736 1088 blir
765 1041 844 1088 det
870 1039 965 1101 just
991 1042 1102 1090 halv
1129 1060 1258 1090 snese
1289 1060 1387 1099 aar,

647 1108 777 1155 siden
800 1108 845 1156 vi
868 1108 977 1157 blev
999 1120 1056 1166 et,
1081 1109 1126 1157 vi
1150 1120 1212 1157 to.

647 1173 745 1223 Det
773 1175 837 1223 vil
865 1176 987 1237 sige:
1031 1175 1095 1225 Et
1122 1177 1134 1224 i
1163 1188 1351 1239 pagten,

646 1253 692 1290 et
720 1242 870 1304 ifølge
896 1244 1258 1306 bryllupsakten,

647 1320 693 1357 et
717 1309 867 1372 ifølge
891 1311 1078 1360 kirkens
1104 1323 1192 1360 tro.

645 1454 742 1503 Et?
767 1484 835 1491 —
861 1457 935 1514 ha,
966 1457 1153 1505 hvilken
1180 1469 1288 1519 spot
1315 1476 1380 1519 og
1406 1459 1541 1519 løgn
1521 1450 1545 1523 !

643 1522 744 1571 Var
768 1524 813 1572 vi
840 1536 886 1572 et
909 1535 954 1572 et
978 1525 1160 1573 stakket
1184 1525 1344 1586 døgn?

643 1590 744 1638 Var
768 1592 812 1639 vi
840 1603 886 1639 et
910 1610 965 1639 en
991 1593 1122 1640 enkel
1147 1594 1272 1654 dag?

643 1658 743 1706 Var
768 1659 812 1707 vi
841 1670 886 1707 et
911 1677 967 1706 en
991 1660 1125 1708 times
1151 1661 1301 1717 stund,

645 1726 757 1773 eller
789 1738 834 1774 et
861 1727 1021 1784 minut,
1055 1728 1347 1776 sekund
1248 1722 1274 1789 ?

643 1793 751 1850 Nei,
782 1795 860 1841 det
886 1794 989 1842 hele
1015 1813 1100 1844 var
1125 1796 1329 1856 bedrag
1304 1789 1332 1860 !

641 1941 799 1988 Akten
818 1958 905 1988 var
926 1951 970 1988 et
990 1942 1153 1989 drama
1173 1942 1286 1998 blot,

641 2009 733 2056 kun
756 2026 811 2055 en
835 2008 964 2056 farce
988 2008 1114 2056 from
1136 2027 1198 2070 og
1218 2008 1314 2066 flot,

640 2077 732 2123 kun
760 2087 807 2123 et
832 2075 992 2136 fagert
1016 2074 1229 2137 skuespil,

640 2144 732 2190 kun
762 2154 807 2190 et
833 2144 969 2191 blaar
1005 2144 1008 2191 i
1037 2145 1298 2204 mængdens
1327 2144 1447 2203 øine,

639 2211 732 2258 kun
761 2228 817 2258 en
848 2210 1156 2259 Romakirkes
1184 2212 1323 2272 løgne

642 2289 713 2325 sat
742 2278 753 2325 i
784 2279 993 2326 luthersk
1019 2279 1309 2339 bogstavstil.

1088 2423 1112 2451 *
